% https://ieeexplore.ieee.org/abstract/document/5414611
@inproceedings{dirik2009image,
  title={Image tamper detection based on demosaicing artifacts},
  author={Dirik, Ahmet Emir and Memon, Nasir},
  booktitle={2009 16th IEEE International Conference on Image Processing (ICIP)},
  pages={1497--1500},
  year={2009},
  organization={IEEE}
}
